b@misc{instruks,
    author={Rabault, Jean},
    title={Oblig. 2: Mimicking the flight of a Dipterocarpus fruit},
    year=2017,
    howpublished="\url{https://folk.uio.no/jeanra/Teaching/MEK3230/Documents/QuestionSeed.pdf}"
}
b@misc{norberg,
    author={Ã…ke Norberg, R.},
    title={Autorotation, self-stability, and structure of single-winged fruits
           and seeds (samaras) with comparative remarks on animal flight},
    year=1973,
    howpublished="Biol. Rev."
}
